<?xml version="1.0" encoding="UTF-8"?><record xmlns="http://www.loc.gov/MARC21/slim" xmlns:cinclude="http://apache.org/cocoon/include/1.0" xmlns:zs="http://www.loc.gov/zing/srw/">
  <leader>00484nz  a2200133n  4500</leader>
  <controlfield tag="001">n 2005080729</controlfield>
  <controlfield tag="003">DLC</controlfield>
  <controlfield tag="005">20051114075935.0</controlfield>
  <controlfield tag="008">051114n| acannaabn          |n aaa      </controlfield>
  <datafield tag="010" ind1=" " ind2=" ">
    <subfield code="a">n 2005080729</subfield>
  </datafield>
  <datafield tag="040" ind1=" " ind2=" ">
    <subfield code="a">DLC</subfield>
    <subfield code="b">eng</subfield>
    <subfield code="c">DLC</subfield>
  </datafield>
  <datafield tag="100" ind1="1" ind2=" ">
    <subfield code="a">Allen, Michael H.,</subfield>
    <subfield code="d">1952-</subfield>
  </datafield>
  <datafield tag="670" ind1=" " ind2=" ">
    <subfield code="a">Allen, Michael H. Globalization, negotiation, and the failure of transformation in South Africa, 2006:</subfield>
    <subfield code="b">CIP t.p. (Michael H. Allen)</subfield>
  </datafield>
  <datafield tag="670" ind1=" " ind2=" ">
    <subfield code="a">E-mail fr. pub., Nov. 11, 2005:</subfield>
    <subfield code="b">(Michael H. Allen; b. Dec. 29, 1952)</subfield>
  </datafield>
</record>